% 1.	SO-MI: A surrogate model algorithm for computationally
@article{Mller2013,
  doi = {10.1016/j.cor.2012.08.022},
  url = {https://doi.org/10.1016/j.cor.2012.08.022},
  year = {2013},
  month = may,
  publisher = {Elsevier {BV}},
  volume = {40},
  number = {5},
  pages = {1383--1400},
  author = {Juliane M\"{u}ller and Christine A. Shoemaker and Robert Pich{\'{e}}},
  title = {{SO}-{MI}: A surrogate model algorithm for computationally expensive nonlinear mixed-integer black-box global optimization problems},
  journal = {Computers {\&} Operations Research}
}
% 2.	Evolutionary algorithms
@inproceedings{Vikhar2016,
  doi = {10.1109/icgtspicc.2016.7955308},
  url = {https://doi.org/10.1109/icgtspicc.2016.7955308},
  year = {2016},
  month = dec,
  publisher = {{IEEE}},
  author = {Pradnya A. Vikhar},
  title = {Evolutionary algorithms: A critical review and its future prospects},
  journal = {2016 International Conference on Global Trends in Signal Processing,  Information Computing and Communication ({ICGTSPICC})}
}

% 3.	Rbf optimizer  
@article{McDonald2007,
  doi = {10.1016/j.apm.2006.08.008},
  url = {https://doi.org/10.1016/j.apm.2006.08.008},
  year = {2007},
  month = oct,
  publisher = {Elsevier {BV}},
  volume = {31},
  number = {10},
  pages = {2095--2110},
  author = {Dale B. McDonald and Walter J. Grantham and Wayne L. Tabor and Michael J. Murphy},
  title = {Global and local optimization using radial basis function response surface models},
  journal = {Applied Mathematical Modelling}
}

% 5.	Reference paper by Rios and Sahinidis
@article{Rios2012,
  doi = {10.1007/s10898-012-9951-y},
  url = {https://doi.org/10.1007/s10898-012-9951-y},
  year = {2012},
  month = jul,
  publisher = {Springer Science and Business Media {LLC}},
  volume = {56},
  number = {3},
  pages = {1247--1293},
  author = {Luis Miguel Rios and Nikolaos V. Sahinidis},
  title = {Derivative-free optimization: a review of algorithms and comparison of software implementations},
  journal = {Journal of Global Optimization}
}

% 6.	MLP as universal approximators
@inproceedings{TaehwanKim2001,
  doi = {10.1109/nnsp.2001.943125},
  url = {https://doi.org/10.1109/nnsp.2001.943125},
  publisher = {{IEEE}},
  author = {Taehwan Kim and T. Adali},
  title = {Approximation by fully complex {MLP} using elementary transcendental activation functions},
  booktitle = {Neural Networks for Signal Processing {XI}: Proceedings of the 2001 {IEEE} Signal Processing Society Workshop ({IEEE} Cat. No.01TH8584)}
}

% 7. Illuminating the “black box”: a randomization approach for understanding variable contributions in artificial neural networks
@article{Olden2002,
  doi = {10.1016/s0304-3800(02)00064-9},
  url = {https://doi.org/10.1016/s0304-3800(02)00064-9},
  year = {2002},
  month = aug,
  publisher = {Elsevier {BV}},
  volume = {154},
  number = {1-2},
  pages = {135--150},
  author = {Julian D Olden and Donald A Jackson},
  title = {Illuminating the {\textquotedblleft}black box{\textquotedblright}: a randomization approach for understanding variable contributions in artificial neural networks},
  journal = {Ecological Modelling}
}

% 9.	Forrester A, S6bester A, Keane A. Engineering design via surrogate modelling-a practical guide. Wiley; 2008.
@book{Forrester2008,
  doi = {10.1002/9780470770801},
  url = {https://doi.org/10.1002/9780470770801},
  year = {2008},
  month = jul,
  publisher = {Wiley},
  author = {Alexander I. J. Forrester and Andr{\'{a}}s S{\'{o}}bester and Andy J. Keane},
  title = {Engineering Design via Surrogate Modelling}
}

% 10.	Jones D. A taxonomy of global optimization methods based on response surfaces. Journal of Global Optimization 2001 ;21 :345-83.
@article{Jones2001,
author="Jones, Donald R.",
title="A Taxonomy of Global Optimization Methods Based on Response Surfaces",
journal="Journal of Global Optimization",
year="2001",
month="Dec",
day="01",
volume="21",
number="4",
pages="345--383",
abstract="This paper presents a taxonomy of existing approaches for using response surfaces for global optimization. Each method is illustrated with a simple numerical example that brings out its advantages and disadvantages. The central theme is that methods that seem quite reasonable often have non-obvious failure modes. Understanding these failure modes is essential for the development of practical algorithms that fulfill the intuitive promise of the response surface approach.",
issn="1573-2916",
doi="10.1023/A:1012771025575",
url="https://doi.org/10.1023/A:1012771025575"
}

% 11. Convergence of an algorithm for finding a global extremum
@article{Strongin1973,
author="Strongin, Roman G.",
title="On the convergence of an algorithm for finding a global extremum",
journal="Engineering Cybernetics",
year="1973",
volume="11",
pages="549--555",
}

%  12.  A machine learning approach to correlation development applied to fin-tube bundle heat exchangers
@article{Lindqvist2018,
  doi = {10.3390/en11123450},
  url = {https://doi.org/10.3390/en11123450},
  year = {2018},
  month = dec,
  publisher = {{MDPI} {AG}},
  volume = {11},
  number = {12},
  pages = {3450},
  author = {Nash, Stephen G.},
  title = {A Machine Learning Approach to Correlation Development Applied to Fin-Tube Bundle Heat Exchangers},
  journal = {Energies}
}

%  13.  TNC reference
@article{Nash1984,
  url = {https://www.jstor.org/stable/2157008},
  year = {1984},
  publisher = {{JSTOR}},
  volume = {21},
  number = {4},
  pages = {770--788},
  author = {Karl Lindqvist and Zachary Wilson and Erling N{\ae}ss and Nikolaos Sahinidis},
  title = {Newton-Type Minimization Via the Lanczos Method},
  journal = {{SIAM} Journal on Numerical Analysis}
}

% Parallel Boosting with Momentum
@incollection{Mukherjee2013,
  doi = {10.1007/978-3-642-40994-3_2},
  url = {https://doi.org/10.1007/978-3-642-40994-3_2},
  year = {2013},
  publisher = {Springer Berlin Heidelberg},
  pages = {17--32},
  author = {Indraneel Mukherjee and Kevin Canini and Rafael Frongillo and Yoram Singer},
  title = {Parallel Boosting with Momentum},
  booktitle = {Advanced Information Systems Engineering}
}

% Jonggeol's paper
@article{Na2017,
  doi = {10.1016/j.energy.2017.03.047},
  url = {https://doi.org/10.1016/j.energy.2017.03.047},
  year = {2017},
  month = may,
  publisher = {Elsevier {BV}},
  volume = {126},
  pages = {488--500},
  author = {Jonggeol Na and Youngsub Lim and Chonghun Han},
  title = {A modified {DIRECT} algorithm for hidden constraints in an {LNG} process optimization},
  journal = {Energy}
}

% GD algo comparisons, explains NADAM
@article{ruder2016overview,
  title={An overview of gradient descent optimization algorithms},
  author={Ruder, Sebastian},
  journal={arXiv preprint arXiv:1609.04747},
  year={2016}
}

% Adaptive block coordinate DIRECT algorithm 
@Article{Tao2017,
author="Tao, Qinghua
and Huang, Xiaolin
and Wang, Shuning
and Li, Li",
title="Adaptive block coordinate DIRECT algorithm",
journal="Journal of Global Optimization",
year="2017",
month="Dec",
day="01",
volume="69",
number="4",
pages="797--822",
issn="1573-2916",
doi="10.1007/s10898-017-0541-x",
url="https://doi.org/10.1007/s10898-017-0541-x"
}
